@PhdThesis{,
author = {Ivo Kabadshow},
title = {Periodic Boundary Conditions and the Error-Constrolled Fast Multipole Method},
school = {Juelich Forschungszentrum},
year = {2012}
}

@Article{,
author = {Holger Dachsel},
title = {An error-controlled fast multipole method
},
journal = { The Journal of Chemical Physics },
year = {2009}
}

@Article{,
author = {Leslie Greengard},
title = {Fast Algorithms for Classical Physics},
journal = {Science},
year = {1994}
}
